@article{inverse, title={Precise radial un-distortion of images}, DOI={10.1109/icpr.2004.1333995}, journal={Proceedings of the 17th International Conference on Pattern Recognition, 2004. ICPR 2004.}, author={Mallon, J. and Whelan, P.F.}, year={2004}}
